@article{wolfram1983statistical,
  title={Statistical mechanics of cellular automata},
  author={Wolfram, Stephen},
  journal={Reviews of modern physics},
  volume={55},
  number={3},
  pages={601},
  year={1983},
  publisher={APS}
}

@book{wolfram2002new,
  title={A new kind of science},
  author={Wolfram, Stephen},
  volume={5},
  year={2002},
  publisher={Wolfram media Champaign}
}

@article{nakamoto2008bitcoin,
  title={Bitcoin: A peer-to-peer electronic cash system},
  author={Nakamoto, Satoshi},
  year={2008}
}

@article{buterin2014next,
  title={A next-generation smart contract and decentralized application platform},
  author={Buterin, Vitalik and others},
  journal={white paper},
  year={2014}
}

@article{benet2014ipfs,
  title={IPFS-content addressed, versioned, P2P file system},
  author={Benet, Juan},
  journal={arXiv preprint arXiv:1407.3561},
  year={2014}
}

@misc{filecoin,
  title={Filecoin: A Decentralized Storage Network},
  author={Protocol Labs},
  year={2017}
}

@misc{restore_internet_freedom,
  title={Restoring Internet Freedom},
  author={Federal Communications Commission},
  year={2017}
}

@misc{vorick2014sia,
  title={Sia: simple decentralized storage},
  author={Vorick, David and Champine, Luke},
  year={2014},
  publisher={Technical report, NebulousLabs, Boston}
}

@article{wilkinson2014storj,
  title={Storj a peer-to-peer cloud storage network},
  author={Wilkinson, Shawn and Boshevski, Tome and Brandoff, Josh and Buterin, Vitalik},
  year={2014},
  publisher={Citeseer}
}

@article{von1951general,
  title={The general and logical theory of automata},
  author={Von Neumann, John},
  journal={Cerebral mechanisms in behavior},
  volume={1},
  number={41},
  pages={1--2},
  year={1951},
  publisher={New York: John Wiley\& Sons}
}

@article{von1966theory,
  title={Theory of self-reproducing automata},
  author={Von Neumann, John and Burks, Arthur W and others},
  journal={IEEE Transactions on Neural Networks},
  volume={5},
  number={1},
  pages={3--14},
  year={1966}
}

@misc{neo,
  title={NEO White Paper: A distributed network for the Smart Economy},
  author={NEO},
  year={2017}
}

@article{yang2007cellular,
  title={Cellular automata networks},
  author={Yang, Xin-She and Yang, Young ZL},
  journal={Proceedings of Unconventional Computing},
  pages={280--302},
  year={2007},
  publisher={Luniver Press}
}

@article{marr2007regularizing,
  title={Regularizing capacity of metabolic networks},
  author={Marr, Carsten and M{\"u}ller-Linow, Mark and H{\"u}tt, Marc-Thorsten},
  journal={Physical Review E},
  volume={75},
  number={4},
  pages={041917},
  year={2007},
  publisher={APS}
}

@article{chung2001diameter,
  title={The diameter of sparse random graphs},
  author={Chung, Fan and Lu, Linyuan},
  journal={Advances in Applied Mathematics},
  volume={26},
  number={4},
  pages={257--279},
  year={2001},
  publisher={Elsevier}
}

@article{saghiri2017closed,
  title={A closed asynchronous dynamic model of cellular learning automata and its application to peer-to-peer networks},
  author={Saghiri, Ali Mohammad and Meybodi, Mohammad Reza},
  journal={Genetic Programming and Evolvable Machines},
  volume={18},
  number={3},
  pages={313--349},
  year={2017},
  publisher={Springer}
}

@article{smith2011network,
  title={Network automata: Coupling structure and function in dynamic networks},
  author={Smith, David MD and Onnela, Jukka-Pekka and Lee, Chiu Fan and Fricker, Mark D and Johnson, Neil F},
  journal={Advances in Complex Systems},
  volume={14},
  number={03},
  pages={317--339},
  year={2011},
  publisher={World Scientific}
}

@book{chopard1998cellular,
  title={Cellular automata},
  author={Chopard, B and Droz, M},
  year={1998},
  publisher={Springer}
}

@book{mandelbrot1983fractal,
  title={The fractal geometry of nature},
  author={Mandelbrot, Benoit B},
  volume={173},
  year={1983},
  publisher={WH freeman New York}
}

@techreport{baliga2017understanding,
  title={Understanding blockchain consensus models},
  author={Baliga, Arati},
  year={2017},
  institution={Tech. rep., Persistent Systems Ltd, Tech. Rep}
}

@article{lamport1982byzantine,
  title={The Byzantine generals problem},
  author={Lamport, Leslie and Shostak, Robert and Pease, Marshall},
  journal={ACM Transactions on Programming Languages and Systems (TOPLAS)},
  volume={4},
  number={3},
  pages={382--401},
  year={1982},
  publisher={ACM}
}

@article{castro2002practical,
  title={Practical Byzantine fault tolerance and proactive recovery},
  author={Castro, Miguel and Liskov, Barbara},
  journal={ACM Transactions on Computer Systems (TOCS)},
  volume={20},
  number={4},
  pages={398--461},
  year={2002},
  publisher={ACM}
}

@article{abd2005fault,
  title={Fault-scalable Byzantine fault-tolerant services},
  author={Abd-El-Malek, Michael and Ganger, Gregory R and Goodson, Garth R and Reiter, Michael K and Wylie, Jay J},
  journal={ACM SIGOPS Operating Systems Review},
  volume={39},
  number={5},
  pages={59--74},
  year={2005},
  publisher={ACM}
}

@article{vasin2014blackcoin,
  title={Blackcoinâ€™s proof-of-stake protocol v2},
  author={Vasin, Pavel},
  journal={URL: https://blackcoin. co/blackcoin-pos-protocol-v2-whitepaper. pdf},
  year={2014}
}

@article{king2012ppcoin,
  title={Ppcoin: Peer-to-peer crypto-currency with proof-of-stake},
  author={King, Sunny and Nadal, Scott},
  journal={self-published paper, August},
  volume={19},
  year={2012}
}

@misc{dpos,
  title={Delegated Proof-of-Stake Consensus},
  author={BitShares},
  year={2013}
}

@article{ising1925beitrag,
  title={Beitrag zur theorie des ferromagnetismus},
  author={Ising, Ernst},
  journal={Zeitschrift f{\"u}r Physik},
  volume={31},
  number={1},
  pages={253--258},
  year={1925},
  publisher={Springer}
}

@article{onsager1944crystal,
  title={Crystal statistics. I. A two-dimensional model with an order-disorder transition},
  author={Onsager, Lars},
  journal={Physical Review},
  volume={65},
  number={3-4},
  pages={117},
  year={1944},
  publisher={APS}
}

@article{mccann2008fault,
  title={Fault tolerance in cellular automata at high fault rates},
  author={McCann, Mark and Pippenger, Nicholas},
  journal={Journal of Computer and System Sciences},
  volume={74},
  number={5},
  pages={910--918},
  year={2008},
  publisher={Elsevier}
}

@inproceedings{vzaloudek2011increasing,
  title={Increasing fault-tolerance in cellular automata-based systems},
  author={{\v{Z}}aloudek, Lud{\v{e}}k and Sekanina, Luk{\'a}{\v{s}}},
  booktitle={International Conference on Unconventional Computation},
  pages={234--245},
  year={2011},
  organization={Springer}
}

@inproceedings{ccapuni2012turing,
  title={A Turing machine resisting isolated bursts of faults},
  author={{\c{C}}apuni, Ilir and G{\'a}cs, Peter},
  booktitle={International Conference on Current Trends in Theory and Practice of Computer Science},
  pages={165--176},
  year={2012},
  organization={Springer}
}

@article{barabasi1999emergence,
  title={Emergence of scaling in random networks},
  author={Barab{\'a}si, Albert-L{\'a}szl{\'o} and Albert, R{\'e}ka},
  journal={science},
  volume={286},
  number={5439},
  pages={509--512},
  year={1999},
  publisher={American Association for the Advancement of Science}
}

@article{cook2004universality,
  title={Universality in elementary cellular automata},
  author={Cook, Matthew},
  journal={Complex systems},
  volume={15},
  number={1},
  pages={1--40},
  year={2004},
  publisher={[Champaign, IL, USA: Complex Systems Publications, Inc., c1987-}
}

@article{conway1970game,
  title={The game of life},
  author={Conway, John},
  journal={Scientific American},
  volume={223},
  number={4},
  pages={4},
  year={1970}
}

@article{nkn_yellow_paper,
  title={{NKN Yellow Paper}},
  author={NKN},
  journal={nkn.org},
  year={2018}
}

@article{nkn_economic_model,
  title={{NKN Economic Model and Roadmap}},
  author={NKN},
  journal={nkn.org},
  year={2018}
}

@inproceedings{driscoll2004real,
  title={The real byzantine generals},
  author={Driscoll, Kevin and Hall, Brendan and Paulitsch, Michael and Zumsteg, Phil and Sivencrona, Hakan},
  booktitle={Digital Avionics Systems Conference, 2004. DASC 04. The 23rd},
  volume={2},
  pages={6--D},
  year={2004},
  organization={IEEE}
}

@inproceedings{dwork1992pricing,
  title={Pricing via processing or combatting junk mail},
  author={Dwork, Cynthia and Naor, Moni},
  booktitle={Annual International Cryptology Conference},
  pages={139--147},
  year={1992},
  organization={Springer}
}

@article{back2016partial,
  title={A partial hash collision based postage scheme (1997)},
  author={Back, Adam},
  journal={URL http://www. hashcash. org/papers/announce. txt},
  year={2016}
}

@article{buterin2013proof,
  title={What proof of stake is and why it matters},
  author={Buterin, Vitalik},
  journal={Bitcoin Magazine, August},
  volume={26},
  year={2013}
}

@book{baxter2016exactly,
  title={Exactly solved models in statistical mechanics},
  author={Baxter, Rodney J},
  year={2016},
  publisher={Elsevier}
}

@article{cosme2015conformal,
  title={Conformal symmetry of the critical 3D Ising model inside a sphere},
  author={Cosme, Catarina and Lopes, JM Viana Parente and Penedones, Jo{\~a}o},
  journal={Journal of High Energy Physics},
  volume={2015},
  number={8},
  pages={22},
  year={2015},
  publisher={Springer}
}

@article{delamotte2016scale,
  title={Scale invariance implies conformal invariance for the three-dimensional Ising model},
  author={Delamotte, Bertrand and Tissier, Matthieu and Wschebor, Nicol{\'a}s},
  journal={Physical Review E},
  volume={93},
  number={1},
  pages={012144},
  year={2016},
  publisher={APS}
}

@article{el2012solving,
  title={Solving the 3D Ising model with the conformal bootstrap},
  author={El-Showk, Sheer and Paulos, Miguel F and Poland, David and Rychkov, Slava and Simmons-Duffin, David and Vichi, Alessandro},
  journal={Physical Review D},
  volume={86},
  number={2},
  pages={025022},
  year={2012},
  publisher={APS}
}

@techreport{baird2016swirlds,
  title={The Swirlds hashgraph consensus algorithm: Fair, fast, Byzantine fault tolerance},
  author={Baird, Leemon},
  year={2016},
  institution={Swirlds Tech Report SWIRLDS-TR-2016-01, available online, http://www. swirlds. com/developer-resources/whitepapers}
}

@article{mitra2014novel,
  title={A novel design with Cellular Automata for System-Under-Test in Distributed Computing},
  author={Mitra, Arnab and Kundu, Anirban and Chattopadhyay, Matangini and Chattopadhyay, Samiran},
  journal={Journal of Convergence Information Technology},
  volume={9},
  number={6},
  pages={55},
  year={2014},
  publisher={Advanced Institutes of Convergence Information Technology}
}

@article{jankepractical,
  title={Practical Fault Tolerant 2D Cellular Automata},
  author={Janke, Steven and Whitehead, Matthew}
}

@article{kayama2010complex,
  title={Complex networks derived from cellular automata},
  author={Kayama, Yoshihiko},
  journal={arXiv preprint arXiv:1009.4509},
  year={2010}
}